@article{BockAlexander2018TITE,
author = {Bock, A. and Doraiswamy, H. and Summers, A. and Silva, C.},
journal = {IEEE Transactions on Visualization and Computer Graphics},
number = {1},
pages = {812-821},
title = {TopoAngler: Interactive Topology-Based Extraction of Fishes},
volume = {24},
year = {2018},
}
@inproceedings{KonovalovD2017RDfA,
author = {Konovalov, D. and Domingos, J. and Bajema, C. and White, R. and Jerry, D.},
booktitle = {Proc.~International Conference on Advances in Image Processing},
pages = {90-95},
publisher = {ACM},
title = {Ruler Detection for Automatic Scaling of Fish Images},
year = {2017},
}

@inproceedings{Williams:2020:UIF,
author = {Williams, F. and Bock, A. and Doraiswamy, H. and Donatelli, C. and Hall, K. and Summers, A. and Panozzo, D. and Silva, C.T.},
title = {Unwind: Interactive Fish Straightening},
year = {2020},
publisher = {ACM},
booktitle = {Proc.~CHI Conference on Human Factors in Computing Systems},
pages = {1â€“13},
}

